<?xml version="1.0" encoding="UTF-8"?><collection xmlns="http://www.loc.gov/MARC21/slim"><record><leader>00418nam--2200133-i-4500</leader><controlfield tag="001">000008853</controlfield><controlfield tag="002">20161230</controlfield><controlfield tag="005">20161230201028</controlfield><controlfield tag="008">060222s1000------------r-----000-0-eng-d</controlfield><datafield ind1=" " ind2=" " tag="100"><subfield code="a">Bertel, Evelyne</subfield></datafield><datafield ind1=" " ind2=" " tag="245"><subfield code="a">Etude bibliographique de l energie moyenne dep ensee par les electrons pour creer une paire d  ions dans l air</subfield></datafield><datafield ind1=" " ind2=" " tag="260"><subfield code="a">Saclay, Commissariat A L</subfield></datafield><datafield ind1=" " ind2=" " tag="490"><subfield code="a">Energie Atomique,1969 6 P</subfield></datafield><datafield ind1=" " ind2=" " tag="852"><subfield code="a">539.124.17</subfield></datafield></record></collection>